@article{elisa1,
  author = {E. Schaeffer},
  title = {Genetic Algorithm},
  journal = {Repositorio, GitHub},
  year = 2022, url ={https://github.com/satuelisa/Simulation/blob/master/GeneticAlgorithm/routines.py}
} 
@article{nestor1,
  author = {N. Rodríguez},
  title = {"P10" Algoritmo genético},
  journal = {Repositorio, GitHub},
  year = 2022, url ={https://github.com/NestorZeus/SIMULACION-COMPUTACIONAL-DE-NANOMATERIALES/tree/main/P10}
} 
