@article{ejemplo,
  author = {Autor},
  title = {T\'{i}tulo},
  journal = {Nombre del articulo 1},
  year = 2020,
  volume = 15,
  number = 10,
  pages = {862--997},
  doi = {10.123/lolno}
}
@article{otroejemplo,
  author = {Autor2},
  title = {T\'{i}tulo2},
  journal = {Nombre del articulo 2},
  year = 2021,
  volume = 20,
  number = 15,
  pages = {1062--1197},
  doi = {10.123/lolno}
}
