@article{elisa1,
  author = {E. Schaeffer},
  title = {Aut√≥mata Celular},
  journal = {Repositorio, GitHub},
  year = 2022, url ={https://github.com/satuelisa/Simulation/blob/master/CellularAutomata/gameOfLife.py}
}
@article{steve2,
  author = {Steve Weston & Rich},
  title = {Getting started with doParallel and foreach},
  year = 2015, url ={https://cran.r-project.org/web/packages/doParallel/vignettes/gettingstartedParallel.pdf}
}
