@article{elisa1,
  author = {Dra. Elisa Schaeffer},
  title = {BrownianMotion},
  journal = {Repositorio, GitHub},
  year = 2019,
  url = {https://github.com/satuelisa/Simulation/tree/master/BrownianMotion}
}
