@misc{elisa,
    author={Schaeffer E.},
    year=2022,
    title={Repositorio Github },
    url= {https://github.com/satuelisa/Simulation}
}
@Manual{Python,
    author={Rossum G.},
    year=2021,
    title={Python},
    organization={Python Software Foundation},
    url={https://www.python.org/}
}   
@article{saenzsimulacion,
  title={Simulaci{\'o}n de la trayectoria de un haz de electrones en un s{\'o}lido usando el m{\'e}todo de Monte Carlo},
  author={Saenz, William D and Angulo, Daniela and Murillo, Miller}
}
@book{TEM_materials,
  author={Williams D. \& Carter C.},
  title={Transmission Electron Microscopy A Textbook for Materials Science},
  publisher={Springer Science \& Business Media},
  volume=5,
  year=1999,
  isbn={9780387765006}
}
@book{janecek2016modern,
  title={Modern electron microscopy in physical and life sciences},
  author={Janecek M. \& Kral R.},
  volume={2},
  year={2016},
  publisher={Books on Demand},
  isbn={9789535122524}
}
@book{matplotlib,
  Author= {Hunter J.},
  Title= {Matplotlib: A 2D graphics environment},
  Journal= {Computing in Science \& Engineering},
  Volume= {9},
  Pages= {90--95},
  publisher = {IEEE computer society},
  doi= {10.1109/MCSE.2007.55},
  year= 2007
}
@book{mckinney2011pandas,
  title={pandas: a foundational Python library for data analysis and statistics},
  author={McKinney W.},
  journal={Python for high performance and scientific computing},
  volume={14},
  year={2011},
  publisher={Seattle},
  doi= {10.1103/PhysRevLett.110.146405}
}
@book{numpy,
 title= {Array programming with {NumPy}},
 author= {Charles R.{,} Jarrod M.{,} Gommers R.{,} Virtanen P. \& Cournapeau D.},
 year= {2020},
 journal= {Nature},
 volume= {585},
 pages= {357--362},
 doi= {10.1038/s41586-020-2649-2},
 publisher= {Springer Science and Business Media {LLC}},
}
@article{brown2013path,
  title={Path-integral Monte Carlo simulation of the warm dense homogeneous electron gas},
  author={Brown, Ethan W and Clark, Bryan K and DuBois, Jonathan L and Ceperley, David M},
  journal={Physical review letters},
  volume={110},
  number={14},
  pages={146405},
  year={2013},
  publisher={APS},
  doi={10.1103/PhysRevLett.110.146405}
}
@article{new_MC,
  title={CASINO: A new Monte Carlo code in C language for electron beam interactionâ€”Part I: Description of the program},
  author={Hovington, Pierre and Drouin, Dominique and Gauvin, Raynald},
  journal={Scanning},
  volume={19},
  number={1},
  pages={1--14},
  year={1997},
  publisher={Wiley Online Library},
  doi={10.1002/sca.4950190101}
}
@book{rubinstein2016simulation,
  title={Simulation and the Monte Carlo method},
  author={Rubinstein, Reuven Y and Kroese, Dirk P},
  year={2016},
  publisher={John Wiley \& Sons}
}
@article{gross1999novel,
  title={A novel approach for introducing the electron-electron and electron-impurity interactions in particle-based simulations},
  author={Gross, WJ and Vasileska, Dragica and Ferry, DK},
  journal={IEEE Electron Device Letters},
  volume={20},
  number={9},
  pages={463--465},
  year={1999},
  publisher={IEEE},
  doi={10.1109/55.784453}
}
@article{feng2017beam,
  title={Beam distribution reconstruction simulation for electron beam probe},
  author={Feng, Yong-Chun and Mao, Rui-Shi and Li, Peng and Kang, Xin-Cai and Yin, Yan and Liu, Tong and You, Yao-Yao and Chen, Yu-Cong and Zhao, Tie-Cheng and Xu, Zhi-Guo and others},
  journal={Chinese Physics C},
  volume={41},
  number={7},
  pages={077001},
  year={2017},
  publisher={IOP Publishing},
  doi={10.1088/1674-1137/41/7/077001}
}
