@book{elisa,
    author={Schaeffer E.},
    year=2022,
    title={Repositorio Github },
    url= {https://github.com/satuelisa/Simulation}
}
@book{nestor,
    author={Rodríguez N.},
    year=2022,
    title={Repositorio Github },
    url= {https://github.com/NestorZeus/SIMULACION-COMPUTACIONAL-DE-NANOMATERIALES/tree/main/Proyecto%20Final}
}



@book{Python,
    author={Rossum G.},
    year=2021,
    title={Python},
    organization={Python Software Foundation},
    url={https://www.python.org/}
}   
@book{saenzsimulacion,
  title={Simulaci{\'o}n de la trayectoria de un haz de electrones en un s{\'o}lido usando el m{\'e}todo de Monte Carlo},
  author={Saez W.{,} Angulo D. \& Murillo M.},
  url={https://www.academia.edu/32123432}
}

@book{tem,
  author={Williams D. \& Carter C.},
  title={Transmission Electron Microscopy A Textbook for Materials Science},
  publisher={Springer Science \& Business Media},
  volume=5,
  year=1999,
  isbn={9780387765006}
}
@book{janecek2016modern,
  title={Modern electron microscopy in physical and life sciences},
  author={Janecek M. \& Kral R.},
  volume={2},
  year={2016},
  publisher={Books on Demand},
  isbn={9789535122524}
}

@book{matplotlib,
  Author= {Hunter J.},
  Title= {Matplotlib: A 2D graphics environment},
  Journal= {Computing in Science \& Engineering},
  Volume= {9},
  Pages= {90--95},
  publisher = {IEEE computer society},
  doi= {10.1109/MCSE.2007.55},
  year= 2007
}

@book{mckinney2011pandas,
  title={pandas: a foundational Python library for data analysis and statistics},
  author={McKinney W.},
  journal={Python for high performance and scientific computing},
  volume={14},
  year={2011},
  publisher={Seattle},
  doi= {10.1103/PhysRevLett.110.146405}
}

@book{numpy,
 title= {Array programming with {NumPy}},
 author= {Charles R.{,} Jarrod M.{,} Gommers R.{,} Virtanen P. \& Cournapeau D.},
 year= {2020},
 journal= {Nature},
 volume= {585},
 pages= {357--362},
 doi= {10.1038/s41586-020-2649-2},
 publisher= {Springer Science and Business Media {LLC}},
}

@book{brown2013path,
  title={Path-integral Monte Carlo simulation of the warm dense homogeneous electron gas},
  author={Brown E.{,} Clark B.{,} DuBois J. \& Ceperley D.},
  journal={Physical review letters},
  volume={110},
  number={14},
  pages={146405},
  year={2013},
  publisher={APS},
  doi={10.1103/PhysRevLett.110.146405}
}

@book{new_MC,
  title={CASINO: A new Monte Carlo code in C language for electron beam interaction—Part I: Description of the program},
  author={Hovington P.{,} Dominique D. \& Gauvin R.},
  journal={Scanning},
  volume={19},
  number={1},
  pages={1--14},
  year={1997},
  publisher={Wiley Online Library},
  doi={10.1002/sca.4950190101}
}

@book{rubinstein2016simulation,
  title={Simulation and the Monte Carlo method},
  author={Rubinstein R. \& Kroese D.},
  year={2016},
  publisher={John Wiley \& Sons},
  isbn={9781118632208}  
}

@book{gross1999novel,
  title={A novel approach for introducing the electron-electron and electron-impurity interactions in particle-based simulations},
  author={Gross W.{,} Vasileska D. \& Ferry D.},
  journal={IEEE Electron Device Letters},
  volume={20},
  number={9},
  pages={463--465},
  year={1999},
  publisher={IEEE},
  doi={10.1109/55.784453}
}

@book{feng2017beam,
  title={Beam distribution reconstruction simulation for electron beam probe},
  author={Feng Y.{,} Mao R.{,} Li P.{,} Kang X.{,} Yin Y.{,} Liu T.{,} You Y.{,} Chen Y.{,} Zhao T. \& Xu Z.},
  journal={Chinese Physics C},
  volume={41},
  number={7},
  pages={077001},
  year={2017},
  publisher={IOP Publishing},
  doi={10.1088/1674-1137/41/7/077001}
}
