@article{elisa1,
  author = {E. Schaeffer},
  title = {Sistema Multiagente},
  journal = {Repositorio, GitHub},
  year = 2021, url ={https://https://satuelisa.github.io/simulation/p6.html}
}
@online{2,
    author    = "J.FeroxDeitas",
    title     = "GitHub,P6",
    url       = "https://github.com/FeroxDeitas/Simulacion-Nano/blob/main/Tareas/P6",
    keywords  = "python,multiAgent"
}
