@article{elisa1,
  author = {E. Schaeffer},
  title = {BÃºsqueda Local},
  journal = {Repositorio, GitHub},
  year = 2022, url ={https://github.com/satuelisa/Simulation/blob/master/LocalSearch/minimize1D.py}
}
