@online{1,
    author    = "E. Schaeffer",
    title     = "GitHub,MonteCarlo",
    url       = "https://github.com/satuelisa/Simulation/tree/master/MonteCarlo",
    keywords  = "python,base,monte_carlo"
}
@online{2,
    author    = "J.FeroxDeitas",
    title     = "GitHub,pasos_aleatorios.py",
    url       = "https://github.com/FeroxDeitas/Simulacion-Nano/blob/main/Tareas/P5",
    keywords  = "python,compare_strings"
}
