@article{elisa1,
  author = {E. Schaeffer},
  title = {QueuingTheory},
  journal = {Repositorio, GitHub},
  year = 2022, url ={https://github.com/satuelisa/Simulation/blob/master/QueuingTheory/ordering.py}
}
@article{jorge,
  author = {J. Torres},
  title = {Teoría de colas},
  journal = {Repositorio, GitHub},
  year = 2022, url= https://github.com/FeroxDeitas/Simulacion-Nano/tree/main/Tareas/P3
}
@article{natalia,
  author = {N. Pérez},
  title = {Teoría de colas},
  journal = {Repositorio, GitHub},
  year = 2021, url= https://github.com/nataliaperez0/Simulation/tree/main/Tarea3
}
@article{Denisse,
  author = {D. Leyva},
  title = {Teoría de colas},
  journal = {Repositorio, GitHub},
  year = 2021, url= https://github.com/Denisse251/Simulation/tree/main/Tarea.3
}
@article{Matpltlib,
  author = {J. Hunter},
  title = {Lines, bars and markers},
  journal = {Repositorio, GitHub},
  year = 2021, url= https://github.com/matplotlib/matplotlib
}
