@online{1,
    author    = "E. Schaeffer",
    title     = "GitHub,MonteCarlo",
    url       = "https://https://github.com/satuelisa/Simulation/blob/master/VoronoiDiagrams/fracture.py,
    keywords  = "python,base,monte_carlo"
}
