@article{elisa1,
  author = {E. Schaeffer},
  title = {Genetic Algorithm},
  journal = {Repositorio, GitHub},
  year = 2022, url ={https://github.com/satuelisa/Simulation/blob/master/ParetoFronts/poligen.py}
} 
